<record><leader>00000cas a22000007a 4500</leader><controlfield tag="001">14984996</controlfield><controlfield tag="008">861217d19031908txudr ne      0    0eng d</controlfield><datafield ind1=" " ind2=" " tag="010"><subfield code="a">sn 86090390 </subfield></datafield><datafield ind1=" " ind2=" " tag="040"><subfield code="a">PPM</subfield><subfield code="b">eng</subfield><subfield code="c">PPM</subfield><subfield code="d">OCLCQ</subfield></datafield><datafield ind1=" " ind2=" " tag="042"><subfield code="a">msc</subfield></datafield><datafield ind1="0" ind2="4" tag="245"><subfield code="a">The Waco times-herald and telephone.</subfield></datafield><datafield ind1=" " ind2=" " tag="260"><subfield code="a">Waco, Tex. :</subfield><subfield code="b">Waco Pub. Co.,</subfield><subfield code="c">1903-1908.</subfield></datafield><datafield ind1=" " ind2=" " tag="300"><subfield code="a">v. :</subfield><subfield code="b">ill. ;</subfield><subfield code="c">60 cm.</subfield></datafield><datafield ind1=" " ind2=" " tag="310"><subfield code="a">Daily</subfield></datafield><datafield ind1="0" ind2=" " tag="362"><subfield code="a">12th. yr., no. 160 (June 19, 1903)-</subfield></datafield><datafield ind1="1" ind2=" " tag="362"><subfield code="a">Ceased in 1908.</subfield></datafield><datafield ind1=" " ind2=" " tag="752"><subfield code="a">United States</subfield><subfield code="b">Texas</subfield><subfield code="c">McLennan</subfield><subfield code="d">Waco.</subfield></datafield><datafield ind1="0" ind2="4" tag="780"><subfield code="t">Waco evening telephone</subfield><subfield code="w">(DLC)sn 87090748</subfield></datafield><datafield ind1="0" ind2="4" tag="780"><subfield code="t">Waco times-herald (Waco, Tex. : 1897)</subfield><subfield code="w">(DLC)sn 86090387</subfield></datafield><datafield ind1="0" ind2="0" tag="785"><subfield code="t">Waco times-herald (Waco, Tex. : 1908)</subfield><subfield code="w">(DLC)sn 86064247</subfield></datafield></record>